<?xml version="1.0" encoding="UTF-8"?><record xmlns="http://www.loc.gov/MARC21/slim" xmlns:cinclude="http://apache.org/cocoon/include/1.0" xmlns:zs="http://www.loc.gov/zing/srw/">
  <leader>00391nz  a2200145n  4500</leader>
  <controlfield tag="001">no2007118629</controlfield>
  <controlfield tag="003">DLC</controlfield>
  <controlfield tag="005">20071007075141.0</controlfield>
  <controlfield tag="008">071004n| acannaabn          |a ana     c</controlfield>
  <datafield tag="010" ind1=" " ind2=" ">
    <subfield code="a">no2007118629</subfield>
  </datafield>
  <datafield tag="035" ind1=" " ind2=" ">
    <subfield code="a">(OCoLC)oca07543326</subfield>
  </datafield>
  <datafield tag="040" ind1=" " ind2=" ">
    <subfield code="a">PPi-MA</subfield>
    <subfield code="b">eng</subfield>
    <subfield code="c">PPi-MA</subfield>
  </datafield>
  <datafield tag="110" ind1="2" ind2=" ">
    <subfield code="a">James Hilton Band</subfield>
  </datafield>
  <datafield tag="410" ind1="2" ind2=" ">
    <subfield code="a">Hilton Band</subfield>
  </datafield>
  <datafield tag="670" ind1=" " ind2=" ">
    <subfield code="a">Blues from the 'Burgh [SR] 1999:</subfield>
    <subfield code="b">container (James Hilton Band)</subfield>
  </datafield>
</record>